<?xml version="1.0" encoding="UTF-8"?><collection xmlns="http://www.loc.gov/MARC21/slim"><record><leader>00379nam--2200133-i-4500</leader><controlfield tag="001">000043119</controlfield><controlfield tag="002">20161230</controlfield><controlfield tag="005">20161230201043</controlfield><controlfield tag="008">060222s1000------------r-----000-0-eng-d</controlfield><datafield ind1=" " ind2=" " tag="080"><subfield code="a">666.1.056(061.3)</subfield></datafield><datafield ind1=" " ind2=" " tag="245"><subfield code="a">Summer school on amorphous metals. wilga, poland sept.16-21, 1985</subfield></datafield><datafield ind1=" " ind2=" " tag="260"><subfield code="a">Singapore, World Scientific, 1986. Viii+ 339 P</subfield></datafield><datafield ind1=" " ind2=" " tag="700"><subfield code="a">Henryk Matyja</subfield></datafield><datafield ind1=" " ind2=" " tag="852"><subfield code="a">74676</subfield></datafield></record></collection>